@book{carton2014langages,
  title={Langages formels : calculabilité et complexité : cours et exercices corrigés},
  author={Carton, O. and Perrin, D.},
  isbn={9782311014006},
  url={https://books.google.cd/books?id=o2DToAEACAAJ},
  year={2014},
  publisher={Vuibert}
}
@book{hagiwara2021real,
title={Real-World Natural Language Processing: Practical Applications with Deep Learning},
author={Hagiwara, M.},
isbn={9781617296420},
lccn={2021289994},
url={https://books.google.cd/books?id=Ok5NEAAAQBAJ},
year={2021},
publisher={Manning}
}
@book{srivastava2021natural,
title={Natural Language Processing with Python: Hands-On Labs to Apply Deep Learning Architectures to NLP Applications},
author={Srivastava, S.},
isbn={9798545303069},
url={https://books.google.cd/books?id=OJ6PzgEACAAJ},
year={2021},
publisher={Independently Published}
}
@book{jurafsky2014speech,
  title={Speech and Language Processing},
  author={Jurafsky, D. and Martin, J.H.},
  isbn={9781292025438},
  series={Always learning},
  url={https://books.google.cd/books?id=km-kngEACAAJ},
  year={2014},
  publisher={Pearson}
}
@phdthesis{maaloul:tel-00756111,
  TITLE = {{Approche hybride pour le résumé automatique de textes. Application à la langue arabe.}},
  AUTHOR = {Maaloul, Mohamed Hedi},
  URL = {https://tel.archives-ouvertes.fr/tel-00756111},
  NOTE = {Date Soutenance 18-12-2012},
  SCHOOL = {{Universit{\'e} de Provence - Aix-Marseille I}},
  YEAR = {2012},
  MONTH = Dec,
  KEYWORDS = {Automatic summarization ; rhetorical structure theory ; RST-tree ; machine learning ; SVM algorithm ; hybrid approach ; approche hybride ; algorithme SVM ; R{\'e}sum{\'e} automatique ; mono-document ; th{\'e}orie de la structure rh{\'e}torique ; arbre RST ; apprentissage},
  TYPE = {Theses},
  PDF = {https://tel.archives-ouvertes.fr/tel-00756111v3/file/These.pdf},
  HAL_ID = {tel-00756111},
  HAL_VERSION = {v3},
}
@inbook{ANN,
author = {Djeriri, Youcef},
year = {2017},
month = {09},
pages = {},
title = {Les Réseaux de Neurones Artificiels}
}

@MISC{photANN,
author = {SINAT Blog},
title = {Présentation des réseaux de neurones artificiels},
month = 06,
year = {2021},
howpublished={\url{https://rb.gy/ddborn}}
}

@Book{MITphot,
ALTauthor = {Amini, Alexander},
ALTeditor = {MIT},
title = {Introduction to Deep Learning},
publisher = {Massachussets Institute of Technology},
year = {2020},
OPTmonth = {07}
}


@book{kulkarni2019natural,
  title={Natural language processing recipes},
  author={Kulkarni, Akshay and Shivananda, Adarsha},
  year={2019},
  publisher={Springer}
}
@book{ganegedara2018natural,
  title={Natural Language Processing with TensorFlow: Teach language to machines using Python's deep learning library},
  author={Ganegedara, Thushan},
  year={2018},
  publisher={Packt Publishing Ltd}
}
@article{bahdanau2014neural,
  title={Neural machine translation by jointly learning to align and translate},
  author={Bahdanau, Dzmitry and Cho, Kyunghyun and Bengio, Yoshua},
  journal={arXiv preprint arXiv:1409.0473},
  year={2014}
}
@article{luong2015effective,
  title={Effective approaches to attention-based neural machine translation},
  author={Luong, Minh-Thang and Pham, Hieu and Manning, Christopher D},
  journal={arXiv preprint arXiv:1508.04025},
  year={2015}
}
@book{geron2020deep,
  title={Deep Learning avec Keras et TensorFlow: Mise en oeuvre et cas concrets},
  author={Géron, A.},
  isbn={9782100805020},
  url={https://books.google.cd/books?id=45\_qDwAAQBAJ},
  year={2020},
  publisher={Dunod}
}
@article{vaswani2017attention,
  title={Attention is all you need},
  author={Vaswani, Ashish and Shazeer, Noam and Parmar, Niki and Uszkoreit, Jakob and Jones, Llion and Gomez, Aidan N and Kaiser, {\L}ukasz and Polosukhin, Illia},
  journal={Advances in neural information processing systems},
  volume={30},
  year={2017}
}
@inproceedings{lamsiyah-etal-2018-resume,
title = {Résumé automatique guidé de textes: Etat de l'art et perspectives (Guided Summarization : State-of-the-art and perspectives )},
author = {Lamsiyah, S.  and Ouatik El Alaoui, S.  and Espinasse, B},
booktitle = {Actes de la Conférence TALN. Volume 2 - Démonstrations, articles des Rencontres Jeunes Chercheurs, ateliers DeFT},
month = {5},
year = {2018},
address = {Rennes, France},
publisher = {ATALA},
url = {https://aclanthology.org/2018.jeptalnrecital-recital.5},
pages = {55--72},
language = {French}
}
@article{beaucoup_de_chercheurs2,
  author    = {Min{-}Yen Kan and
               Kathleen R. McKeown and
               Judith L. Klavans},
  title     = {Applying Natural Language Generation to Indicative Summarization},
  journal   = {CoRR},
  volume    = {cs.CL/0107019},
  year      = {2001},
  url       = {https://arxiv.org/abs/cs/0107019},
  timestamp = {Fri, 10 Jan 2020 12:58:39 +0100},
  biburl    = {https://dblp.org/rec/journals/corr/cs-CL-0107019.bib},
  bibsource = {dblp computer science bibliography, https://dblp.org}
}
@article{beaucoup_de_chercheurs3,
  author    = {Stergos D. Afantenos and
               Vangelis Karkaletsis and
               Panagiotis Stamatopoulos},
  title     = {Summarization from Medical Documents: {A} Survey},
  journal   = {CoRR},
  volume    = {abs/cs/0504061},
  year      = {2005},
  url       = {http://arxiv.org/abs/cs/0504061},
  eprinttype = {arXiv},
  eprint    = {cs/0504061},
  timestamp = {Mon, 13 Aug 2018 16:48:51 +0200},
  biburl    = {https://dblp.org/rec/journals/corr/abs-cs-0504061.bib},
  bibsource = {dblp computer science bibliography, https://dblp.org}
}
@book{torres2014automatic,
  title={Automatic text summarization},
  author={Torres-Moreno, Juan-Manuel},
  year={2014},
  publisher={John Wiley \& Sons}
}
@book{adams2021combining,
  title={Combining State-of-the-art Models for Multi-document Summarization Using Maximal Marginal Relevance},
  author={Adams, D.},
  url={https://books.google.cd/books?id=cdD9zgEACAAJ},
  year={2021},
  publisher={University of Lethbridge}
}
@book{sarkar2019text,
  title={Text Analytics with Python: A Practitioner's Guide to Natural Language Processing},
  author={Sarkar, D.},
  isbn={9781484243541},
  url={https://books.google.cd/books?id=arWZDwAAQBAJ},
  year={2019},
  publisher={Apress}
}
@MISC{rnns,
author = {Hairy, Patrick},
title = {Les réseaux de neurones récurrents pour les séries temporelles},
month = 09,
year = {2021},
howpublished={\url{https://rb.gy/ndwuks}}
}

@MISC{trans2020former,
author = {Weng, Lilian},
title = {The Transformer Family},
month = 04,
year = {2020},
howpublished={\url{https://rb.gy/i00on2}}
}

@inproceedings{Lin1999TrainingAS,
  title={Training a selection function for extraction},
  author={Chin-Yew Lin},
  booktitle={CIKM '99},
  year={1999}
}
@article{moens2001automatic,
  title={Automatic indexing and abstracting of document texts},
  author={Moens, Marie-Francine},
  journal={Computational Linguistics},
  volume={27},
  number={1},
  pages={149--149},
  year={2001},
  publisher={MIT Press Cambridge, MA, USA}
}
@book{mani2001automatic,
  title={Automatic summarization},
  author={Mani, Inderjeet},
  volume={3},
  year={2001},
  publisher={John Benjamins Publishing}
}
@phdthesis{MaaliMnasri,
  TITLE = {{R{\'e}sum{\'e} automatique multi-document dynamique}},
  AUTHOR = {Mnasri, Maali},
  URL = {https://tel.archives-ouvertes.fr/tel-01902781},
  NUMBER = {2018SACLS342},
  SCHOOL = {{Universit{\'e} Paris-Saclay}},
  YEAR = {2018},
  MONTH = Sep,
  KEYWORDS = {Discourse analysis ; Semantic similarity ; Clustering ; ILP ; Analyse discursive ; ILP ; Regroupement ; Similarit{\'e} s{\'e}mantique},
  TYPE = {Theses},
  PDF = {https://tel.archives-ouvertes.fr/tel-01902781/file/75763_MNASRI_2018_archivage.pdf},
  HAL_ID = {tel-01902781},
  HAL_VERSION = {v1},
}
@inproceedings{Nenkova,
title = "Evaluating content selection in summarization: The pyramid method",
author = "Ani Nenkova and Rebecca Passonneau",
year = "2004",
language = "English (US)",
series = "HLT-NAACL 2004 - Human Language Technology Conference of the North American Chapter of the Association for Computational Linguistics, Proceedings of the Main Conference",
publisher = "Association for Computational Linguistics (ACL)",
pages = "145--152",
booktitle = "HLT-NAACL 2004 - Human Language Technology Conference of the North American Chapter of the Association for Computational Linguistics, Proceedings of the Main Conference",
}
@article{Luhn58,  
author={Luhn, H. P.},  
journal={IBM Journal of Research and Development},   
title={The Automatic Creation of Literature Abstracts},   
year={1958},  
volume={2},  
number={2},  
pages={159-165},  
doi={10.1147/rd.22.0159}
}
@inproceedings{Schiffman2002,
author = {Schiffman, Barry and Nenkova, Ani and McKeown, Kathleen},
title = {Experiments in Multidocument Summarization},
year = {2002},
publisher = {Morgan Kaufmann Publishers Inc.},
address = {San Francisco, CA, USA},
booktitle = {Proceedings of the Second International Conference on Human Language Technology Research},
pages = {52–58},
numpages = {7},
keywords = {text generation, multidocument summarization, text analysis, importance metrics},
location = {San Diego, California},
series = {HLT '02}
}
@article{BART,
  title={BART: Denoising sequence-to-sequence pre-training for natural language generation, translation, and comprehension},
  author={Lewis, Mike and Liu, Yinhan and Goyal, Naman and Ghazvininejad, Marjan and Mohamed, Abdelrahman and Levy, Omer and Stoyanov, Ves and Zettlemoyer, Luke},
  journal={arXiv preprint arXiv:1910.13461},
  year={2019}
}
@article{T5-raffel2020exploring,
  title={Exploring the limits of transfer learning with a unified text-to-text transformer.},
  author={Raffel, Colin and Shazeer, Noam and Roberts, Adam and Lee, Katherine and Narang, Sharan and Matena, Michael and Zhou, Yanqi and Li, Wei and Liu, Peter J and others},
  journal={J. Mach. Learn. Res.},
  volume={21},
  number={140},
  pages={1--67},
  year={2020}
}
@article{GPT1_radford2018improving,
  title={Improving language understanding by generative pre-training},
  author={Radford, Alec and Narasimhan, Karthik and Salimans, Tim and Sutskever, Ilya and others},
  year={2018},
  publisher={OpenAI}
}
@article{GPT2_radford2019language,
  title={Language models are unsupervised multitask learners},
  author={Radford, Alec and Wu, Jeffrey and Child, Rewon and Luan, David and Amodei, Dario and Sutskever, Ilya and others},
  journal={OpenAI blog},
  volume={1},
  number={8},
  pages={9},
  year={2019}
}
@article{BERT_devlin2018bert,
  title={Bert: Pre-training of deep bidirectional transformers for language understanding},
  author={Devlin, Jacob and Chang, Ming-Wei and Lee, Kenton and Toutanova, Kristina},
  journal={arXiv preprint arXiv:1810.04805},
  year={2018}
}
@book{vzivzka2019text,
  title={Text mining with machine learning: principles and techniques},
  author={{\v{Z}}i{\v{z}}ka, Jan and Da{\v{r}}ena, Franti{\v{s}}ek and Svoboda, Arno{\v{s}}t},
  year={2019},
  publisher={CRC Press}
}
@book{berry2010text,
  title={Text mining: applications and theory},
  author={Berry, Michael W and Kogan, Jacob},
  year={2010},
  publisher={John Wiley \& Sons}
}
@article{brin1998anatomy,
  title={The anatomy of a large-scale hypertextual web search engine},
  author={Brin, Sergey and Page, Lawrence},
  journal={Computer networks and ISDN systems},
  volume={30},
  number={1-7},
  pages={107--117},
  year={1998},
  publisher={Elsevier}
}
@article{benincasa2006page,
  title={Page rank algorithm},
  author={Benincasa, Catherine and Calden, Adena and Hanlon, Emily and Kindzerske, Matthew and Law, Kody and Lam, Eddery and Rhoades, John and Roy, Ishani and Satz, Michael and Valentine, Eric and others},
  journal={Department of Mathematics and Statics, University of Massachusetts, Amherst, Research},
  year={2006}
}
@book{COSINindurkhya2010handbook,
  title={Handbook of natural language processing},
  author={Indurkhya, Nitin and Damerau, Fred J},
  year={2010},
  publisher={Chapman and Hall/CRC}
}
@inproceedings{mihalcea2004textrank,
  title={Textrank: Bringing order into text},
  author={Mihalcea, Rada and Tarau, Paul},
  booktitle={Proceedings of the 2004 conference on empirical methods in natural language processing},
  pages={404--411},
  year={2004}
}
@inproceedings{PEGASUSzhang2020pegasus,
  title={Pegasus: Pre-training with extracted gap-sentences for abstractive summarization},
  author={Zhang, Jingqing and Zhao, Yao and Saleh, Mohammad and Liu, Peter},
  booktitle={International Conference on Machine Learning},
  pages={11328--11339},
  year={2020},
  organization={PMLR}
}



@article{erkan2004lexrank,
  title={Lexrank: Graph-based lexical centrality as salience in text summarization},
  author={Erkan, G{\"u}nes and Radev, Dragomir R},
  journal={Journal of artificial intelligence research},
  volume={22},
  pages={457--479},
  year={2004}
}
@article{WORD2VECmikolov2013efficient,
  title={Efficient estimation of word representations in vector space},
  author={Mikolov, Tomas and Chen, Kai and Corrado, Greg and Dean, Jeffrey},
  journal={arXiv preprint arXiv:1301.3781},
  year={2013}
}
@article{WORD2VEC2mikolov2013distributed,
  title={Distributed representations of words and phrases and their compositionality},
  author={Mikolov, Tomas and Sutskever, Ilya and Chen, Kai and Corrado, Greg S and Dean, Jeff},
  journal={Advances in neural information processing systems},
  volume={26},
  year={2013}
}
@inproceedings{GLOVEpennington2014glove,
  title={Glove: Global vectors for word representation},
  author={Pennington, Jeffrey and Socher, Richard and Manning, Christopher D},
  booktitle={Proceedings of the 2014 conference on empirical methods in natural language processing (EMNLP)},
  pages={1532--1543},
  year={2014}
}
@article{FASTtEXTbojanowski2017enriching,
  title={Enriching word vectors with subword information},
  author={Bojanowski, Piotr and Grave, Edouard and Joulin, Armand and Mikolov, Tomas},
  journal={Transactions of the association for computational linguistics},
  volume={5},
  pages={135--146},
  year={2017},
  publisher={MIT Press}
}
@article{lan2019albert,
  title={Albert: A lite bert for self-supervised learning of language representations},
  author={Lan, Zhenzhong and Chen, Mingda and Goodman, Sebastian and Gimpel, Kevin and Sharma, Piyush and Soricut, Radu},
  journal={arXiv preprint arXiv:1909.11942},
  year={2019}
}
@article{sanh2019distilbert,
  title={DistilBERT, a distilled version of BERT: smaller, faster, cheaper and lighter},
  author={Sanh, Victor and Debut, Lysandre and Chaumond, Julien and Wolf, Thomas},
  journal={arXiv preprint arXiv:1910.01108},
  year={2019}
}
@article{liu2019roberta,
  title={Roberta: A robustly optimized bert pretraining approach},
  author={Liu, Yinhan and Ott, Myle and Goyal, Naman and Du, Jingfei and Joshi, Mandar and Chen, Danqi and Levy, Omer and Lewis, Mike and Zettlemoyer, Luke and Stoyanov, Veselin},
  journal={arXiv preprint arXiv:1907.11692},
  year={2019}
}
@article{dai2019transformer,
  title={Transformer-xl: Attentive language models beyond a fixed-length context},
  author={Dai, Zihang and Yang, Zhilin and Yang, Yiming and Carbonell, Jaime and Le, Quoc V and Salakhutdinov, Ruslan},
  journal={arXiv preprint arXiv:1901.02860},
  year={2019}
}
@article{eddine2020barthez,
  title={Barthez: a skilled pretrained french sequence-to-sequence model},
  author={Eddine, Moussa Kamal and Tixier, Antoine J-P and Vazirgiannis, Michalis},
  journal={arXiv preprint arXiv:2010.12321},
  year={2020}
}
@article{mBART_liu2020multilingual,
  title={Multilingual denoising pre-training for neural machine translation},
  author={Liu, Yinhan and Gu, Jiatao and Goyal, Naman and Li, Xian and Edunov, Sergey and Ghazvininejad, Marjan and Lewis, Mike and Zettlemoyer, Luke},
  journal={Transactions of the Association for Computational Linguistics},
  volume={8},
  pages={726--742},
  year={2020},
  publisher={MIT Press}
}
@article{mT5_xue2020mt5,
  title={mT5: A massively multilingual pre-trained text-to-text transformer},
  author={Xue, Linting and Constant, Noah and Roberts, Adam and Kale, Mihir and Al-Rfou, Rami and Siddhant, Aditya and Barua, Aditya and Raffel, Colin},
  journal={arXiv preprint arXiv:2010.11934},
  year={2020}
}
@Booklet{CoursGenieLogiciel,
title = {Cours de génie logiciel (avec exercices résolus)},
author = {Boudaa, Boudjemaa},
howpublished = {Université Ibn-Khaldoun-Tiaret},
address = {Algérie},
month = {02},
year = {2020}
}
@inproceedings{HF_wolf2020transformers,
  title={Transformers: State-of-the-art natural language processing},
  author={Wolf, Thomas and Debut, Lysandre and Sanh, Victor and Chaumond, Julien and Delangue, Clement and Moi, Anthony and Cistac, Pierric and Rault, Tim and Louf, R{\'e}mi and Funtowicz, Morgan and others},
  booktitle={Proceedings of the 2020 conference on empirical methods in natural language processing: system demonstrations},
  pages={38--45},
  year={2020}
}
@book{GRAAL_HF_tunstall2022natural,
  title={Natural language processing with transformers},
  author={Tunstall, Lewis and von Werra, Leandro and Wolf, Thomas},
  year={2022},
  publisher={" O'Reilly Media, Inc."}
}

@book{rigaux2001cours,
  title={Cours de bases de donn{\'e}es..},
  author={Rigaux, Philippe},
  year={2001},
  publisher={CNAM/M{\'e}dias}
}

@article{rath1961formation,
  title={The formation of abstracts by the selection of sentences. Part I. Sentence selection by men and machines},
  author={Rath, GJ and Resnick, A and Savage, Terry R},
  journal={American Documentation},
  volume={12},
  number={2},
  pages={139--141},
  year={1961},
  publisher={Wiley Online Library}
}

@article{jones1995evaluating,
  title={Evaluating natural language processing systems: An analysis and review},
  author={Jones, Karen Sparck and Galliers, Julia R},
  year={1995},
  publisher={Springer Science \& Business Media}
}

@book{maybury1999advances,
  title={Advances in automatic text summarization},
  author={Maybury, Mani},
  year={1999},
  publisher={MIT press}
}

@inproceedings{lin2004rouge,
    title = "{ROUGE}: A Package for Automatic Evaluation of Summaries",
    author = "Lin, Chin-Yew",
    booktitle = "Text Summarization Branches Out",
    month = jul,
    year = "2004",
    address = "Barcelona, Spain",
    publisher = "Association for Computational Linguistics",
    url = "https://aclanthology.org/W04-1013",
    pages = "74--81",
}

@article{hirschberg2005summaries,
  title={Do summaries help? A task-based evaluation of multi-document summarization},
  author={Hirschberg, Julia Bell and McKeown, Kathleen and Passonneau, Rebecca and Elson, David K and Nenkova, Ani},
  year={2005}
}

@inproceedings{nenkova2004evaluating,
  title={Evaluating content selection in summarization: The pyramid method},
  author={Nenkova, Ani and Passonneau, Rebecca J},
  booktitle={Proceedings of the human language technology conference of the north american chapter of the association for computational linguistics: Hlt-naacl 2004},
  pages={145--152},
  year={2004}
}

@inproceedings{saggion2010multilingual,
  title={Multilingual summarization evaluation without human models},
  author={Saggion, Horacio and Torres-Moreno, Juan-Manuel and da Cunha, Iria and SanJuan, Eric and Vel{\'a}zquez-Morales, Patricia},
  booktitle={Coling 2010: Posters},
  pages={1059--1067},
  year={2010}
}

@inproceedings{hong2014repository,
  title={A repository of state of the art and competitive baseline summaries for generic news summarization},
  author={Hong, Kai and Conroy, John and Favre, Benoit and Kulesza, Alex and Lin, Hui and Nenkova, Ani},
  booktitle={Proceedings of the Ninth International Conference on Language Resources and Evaluation (LREC'14)},
  pages={1608--1616},
  year={2014}
}

@inproceedings{radev2003evaluation,
  title={Evaluation challenges in large-scale document summarization},
  author={Radev, Dragomir and Teufel, Simone and Saggion, Horacio and Lam, Wai and Blitzer, John and Qi, Hong and Celebi, Arda and Liu, Danyu and Drabek, Elliott Franco},
  booktitle={Proceedings of the 41st Annual Meeting of the Association for Computational Linguistics},
  pages={375--382},
  year={2003}
}

@inproceedings{louis2008automatic,
  title={Automatic summary evaluation without human models.},
  author={Louis, Annie and Nenkova, Ani},
  booktitle={TAC},
  year={2008}
}

@inproceedings{conroy2010guiding,
  title={Guiding CLASSY Toward More Responsive Summaries.},
  author={Conroy, John M and Schlesinger, Judith D and Rankel, Peter A and O'Leary, Dianne P},
  booktitle={TAC},
  year={2010}
}

@misc{edwards2008elements,
  title={Elements of Information Theory, Thomas M. Cover, Joy A. Thomas, John Wiley \& Sons, Inc.(2006)},
  author={Edwards, Sheri},
  year={2008},
  publisher={Pergamon}
}

@article{XSumArticle,
  title={Don't give me the details, just the summary! topic-aware convolutional neural networks for extreme summarization},
  author={Narayan, Shashi and Cohen, Shay B and Lapata, Mirella},
  journal={arXiv preprint arXiv:1808.08745},
  year={2018}
}

@book{srinivasaGENSIMnatural,
  title={Natural Language Processing and Computational Linguistics: A practical guide to text analysis with Python, Gensim, spaCy, and Keras},
  author={Srinivasa-Desikan, Bhargav},
  year={2018},
  publisher={Packt Publishing Ltd}
}
@book{broquet2008discours100,
  title={Les 100 discours qui ont marqu{\'e} le XXe si{\`e}cle},
  author={Broquet, Herv{\'e} and Lanneau, Catherine and Petermann, Simon},
  year={2008},
  publisher={A. Versaille}
}

@MISC{fasoEduc,
author = {Ministère de l'éducation},
title = {Expression écrite : Le résumé de texte en classe de Terminale-Généralités},
month = 10,
year = {2022},
howpublished={\url{https://fasoeducation.bf/}}
}

@MISC{DUC,
author = {DUC},
title = {Document Understanding Conferences},
month = 09,
year = {2014},
howpublished={\url{https://duc.nist.gov/}}
}

@MISC{TAC,
author = {TAC},
title = {Text Analysis Conference},
month = 09,
year = {2020},
howpublished={\url{https://tac.nist.gov/}}
}

@MISC{TPsurGandhi,
author = {Krame, David},
title = {TP d'éducation à la paix (ULPGL/Goma)},
month = 08,
year = {2022},
howpublished={\url{https://rb.gy/alm4om}}
}

@MISC{WikiEins,
author = {Wikipédia},
title = {Albert Einstein},
month = 10,
year = {2022},
howpublished={\url{https://fr.wikipedia.org/wiki/Albert_Einstein}}
}

@MISC{AllResumes,
author = {Krame, David},
title = {Tous mes résumés sur Google Drive},
month = 10,
year = {2022},
howpublished={\url{https://rb.gy/uuplm4}}
}